@misc { Benassi,
	author = "Claudio Alves Benassi",
	title = "Da Lei n. 10.436 de 24 de abril de 2002",
	year = 2014	
}

@misc { PortalBrasil,
	author = "Portal Brasil (Org.)",
	title = "Apesar de avan\c cos, surdos ainda enfrentam barreiras de acessibilidade",
	howpublished = "Dispon\'{i}vel em: \url{<http://www.brasil.gov.br/cidadania-e-justica/2016/09/apesar-de-avancos-surdos-ainda-enfrentam-barreiras-de-acessibilidade>}. Acesso em: 08 out. 2017",
	year = 2016	
}

@misc { Barros,
	author = "Ruberth A. A. Barros, Aitan V. Pontes, Jo\~{a}o D. S. Almeida",
	title = "Reconhecimento de linguagem de sinais: aplica\c c\~{a}o em LIBRAS",
	year = 2014	
}

@misc { Yeo,
	author = "Hui-Shyong Yeo, Byung-Gook Lee, Hyotaek Lim",
	title = "Hand tracking and gesture recognition system for human-computer interaction using low-cost hardware",
	year = 2013
}

@misc { Chen,
	author = "Feng-Sheng Chen, Chih-Ming Fu, Chung-Lin Huang",
	title = "Hand gesture recognition using a real-time tracking method
	and hidden Markov models",
	year = 2003
}

@misc { Wen,
	author = "Xiaotang Wen, Yanyu Niu",
	title = "A Method for Hand Gesture Recognition Based on Morphology and FingertipAngle",
	year = 2010
}

@misc { Rosebrock,
	author = "Adrian Rosebrock",
	title = "Skin Detection: A Step-by-Step Example using Python and OpenCV",
	howpublished = "Dispon\'{i}vel em: \url{<https://www.pyimagesearch.com/2014/08/18/skin-detection-step-step-example-using-python-opencv/>}. Acesso em: 15 out. 2017",
	year = 2014	
}

@misc { Pavan,
	author = "Adilson Roberto Pavan, F\'{a}bio Alexandre Caravieri Modesto",
	title = "Reconhecimento de Gestos com Segmenta\c c\~{a}o de Imagens Din\^{a}micas Aplicadas a Libras",
	year = 2010
}

@misc { Rossi,
	author = "Rafael Geraldeli Rossi, Solange Oliveira Rezende",
	title = "Aprendendo com os Vizinhos",	
	howpublished = "Dispon\'{i}vel em: \url{http://java.icmc.usp.br/moodle/pluginfile.php/5331/mod_resource/content/0/S14-Aprendendo%20com%20Vizinhos.pdf}. Acesso em: 18 nov. 2017",
	year = 2017	
}

@misc { Teodoro,
	author = "Beatriz Teodoro, Luciano A. Digiampietri",
	title = "Desenvolvimento de um Sistema de Reconhecimento Autom\'{a}tico de L\'{i}ngua Brasileira de Sinais",
	howpublished = "Dispon\'{i}vel em: \url{http://www.each.usp.br/digiampietri/bibtex/TeodoroEDigiampietri2014a.pdf}. Acesso em: 22 out. 2017",
	year = 2014	
}

@misc { Krawetz,
	author = "Neal Krawetz",
	title = "Looks Like It",
	howpublished = "Dispon\'{i}vel em: \url{http://www.hackerfactor.com/blog/index.php?/archives/432-Looks-Like-It.html}. Acesso em: 12 nov. 2017",	year = 2011
}

@misc { Grassi,
	author = "Valdir Grassi Jr.",
	title = "Processamento de Imagens Arquivo",
	howpublished = "Dispon\'{i}vel em: \url{https://edisciplinas.usp.br/pluginfile.php/4145717/mod_resource/content/1/Processamento%20de%20Imagens.pdf}. Acesso em: 18 nov. 2017",	year = 2017
}

